
@MISC{hierarchy,
  author = {2003-2020 GRASS Development Team},
  title = {GRASS GIS Database},
  howpublished = {[online]},
  year = {Last visited November 7, 2020},
  note = {Available on: \url{https://grass.osgeo.org/grass78/manuals/grass\_database.html}}
}

@MISC{manual,
  author = {2003-2020 GRASS Development Team},
  title = {GRASS GIS 7.9.dev Reference Manual},
  howpublished = {[online]},
  year = {Last visited November 7, 2020},
  note = {Available on: \url{https://grass.osgeo.org/grass79/manuals/}}
}

@MISC{startup,
  author = {2003-2020 GRASS Development Team},
  title = {GRASS startup program},
  howpublished = {[online]},
  year = {Last visited November 7, 2020},
  note = {Available on: \url{https://grass.osgeo.org/grass79/manuals/grass7.html}}
}

@MISC{grassgis,
  author = {Wikipedia},
  title = {GRASS GIS},
  howpublished = {[online]},
  year = {Last visited November 6, 2020},
  note = {Available on: \url{https://en.wikipedia.org/wiki/GRASS\_GIS}}
}

@article{NETELER2012124,
title = "GRASS GIS: A multi-purpose open source GIS",
journal = "Environmental Modelling \& Software",
volume = "31",
pages = "124 - 130",
year = "2012",
issn = "1364-8152",
doi = "https://doi.org/10.1016/j.envsoft.2011.11.014",
url = "http://www.sciencedirect.com/science/article/pii/S1364815211002775",
author = "Markus Neteler and M. Hamish Bowman and Martin Landa and Markus Metz"
}

@article{pygrass,
    author = {Zambelli P, Gebbert S, Ciolli M.},
    title = {Pygrass: An Object Oriented Python Application Programming Interface (API) for Geographic Resources Analysis Support System (GRASS) Geographic Information System (GIS)},
    publisher = { ISPRS International Journal of Geo-Information},
    volume = "2(1)",
    pages = "201-219",
    year = {2013}
}

@MISC{gisgeography,
  author = {GIS Geography},
  title = {GRASS GIS – Geographic Resources Analysis Support System},
  howpublished = {[online]},
  year = {Last visited December 6, 2020},
  note = {Available on: \url{https://gisgeography.com/grass-gis-geographic-resources-analysis-support-system/}}
}

@article{foster,
author={Foster,Ed},
year={1996},
month={Mar 25},
title={Software vendor screens aren't making much of a splash with multitaskers},
journal={InfoWorld},
volume={18},
number={13},
pages={60},
isbn={01996649},
url={http://ezproxy.techlib.cz/login?url=https://www-proquest-com.ezproxy.techlib.cz/trade-journals/software-vendor-screens-arent-making-much-splash/docview/194316385/se-2?accountid=119841},
} 

@article{amelia,
    author = {Amélia, Ana},
    title = {Usability testing of educational software: methods, techniques and evaluators},
    howpublished = {[online]},
    note = {University of Minho}
}

@article{sixusability,
author={Stumpf,Collette},
year={2018},
month={Jul 19},
title={6 usability testing methods that will improve your software},
journal={InfoWorld.com},
keywords={Computers--Computer Industry; Software; Design; User experience; Third party; Usability testing; Questionnaires; United States--US},
language={English},
url={http://ezproxy.techlib.cz/login?url=https://www-proquest-com.ezproxy.techlib.cz/trade-journals/6-usability-testing-methods-that-will-improve/docview/2071962296/se-2?accountid=119841},
}

@article{dishman,
author={Dishman,Marcie},
year={2015},
month={Spring},
title={Website Usability Testing Software-Improving User Experience and Satisfaction with Community College Websites},
journal={The Community College Enterprise},
volume={21},
number={1},
pages={84-87},
isbn={15410935},
language={English},
url={http://ezproxy.techlib.cz/login?url=https://www-proquest-com.ezproxy.techlib.cz/scholarly-journals/website-usability-testing-software-improving-user/docview/1695783306/se-2?accountid=119841},
}

@inproceedings{inproceedings,
author = {Pesek, Matevž and Isaković, Alja and Strle, Gregor and Marolt, Matija},
year = {2016},
month = {10},
pages = {},
title = {Improving the usability of online usability surveys with an interactive Stripe scale}
}

@MISC{hotjar,
  author = {hotjar},
  title = {The different types of usability testing methods for your projects},
  howpublished = {[online]},
  year = {Last visited December 20, 2020},
  note = {Available on: \url{https://www.hotjar.com/usability-testing/methods/}}
}  

@article{sus,
author = {Brooke, John},
year = {1995},
month = {11},
pages = {},
title = {SUS: A quick and dirty usability scale},
volume = {189},
journal = {Usability Eval. Ind.}
}

@MISC{heroku,
  author = {Code Heroku},
  title = {Introduction to Exploratory Data Analysis (EDA)},
  howpublished = {[online]},
  year = {Last visited December 18, 2020},
  note = {Available on: \url{https://medium.com/code-heroku/introduction-to-exploratory-data-analysis-eda-c0257f888676}}
}


@MISC{luminousmen,
  author = {luminousmen},
  title = {Exploratory Data Analysis},
  howpublished = {[online]},
  year = {Last visited December 18, 2020},
  note = {Available on: \url{https://luminousmen.com/post/exploratory-data-analysis}}
}

@MISC{wisconsin1,
  author = {Brian Murphy and Rachelle Barr},
  title = {1. Statistics in General},
  howpublished = {[online]},
  year = {Last visited December 18, 2020},
  note = {Available on: \url{https://mat117.wisconsin.edu/book/01/1-statistics-in-general/}}
}

@MISC{wisconsin2,
  author = {Brian Murphy and Rachelle Barr},
  title = {2. Visualizing Qualitative Data},
  howpublished = {[online]},
  year = {Last visited December 18, 2020},
  note = {Available on: \url{https://mat117.wisconsin.edu/book/01/2-visualizing-qualitative-data/}}
}

@MISC{wisconsin3,
  author = {Brian Murphy and Rachelle Barr},
  title = {3. Visualizing Quantitative Data},
  howpublished = {[online]},
  year = {Last visited December 18, 2020},
  note = {Available on: \url{https://mat117.wisconsin.edu/book/01/2-visualizing-qualitative-data/}}
}

@MISC{ordinaldata,
  author = {Wikipedia},
  title = {Ordinal data},
  howpublished = {[online]},
  year = {Last visited December 21, 2020},
  note = {Available on: \url{https://en.wikipedia.org/wiki/Ordinal\_data}}
}

@MISC{OnlineMathLearning,
  author = {OnlineMathLearning.com},
  title = {Histograms},
  howpublished = {[online]},
  year = {Last visited December 21, 2020},
  note = {Available on: \url{https://www.onlinemathlearning.com/histograms.html}}
}

@MISC{grass,
  author = {2003-2020 GRASS Development Team},
  title = {GRASS GIS},
  howpublished = {[online]},
  year = {Last visited December 29, 2020},
  note = {Available on: \url{https://grass.osgeo.org/}}
}

@MISC{ftue,
  author = {Wikipedia},
  title = {First-time user experience},
  howpublished = {[online]},
  year = {Last visited December 31, 2020},
  note = {Available on: \url{https://en.wikipedia.org/wiki/First-time\_user\_experience}}
}

@article{BARNETT201882,
title = "First Time User Experiences in mobile games: An evaluation of usability",
journal = "Entertainment Computing",
volume = "27",
pages = "82 - 88",
year = "2018",
issn = "1875-9521",
doi = "https://doi.org/10.1016/j.entcom.2018.04.004",
url = "http://www.sciencedirect.com/science/article/pii/S187595211730112X",
author = "Lawrence Barnett and Carlo Harvey and Christos Gatzidis"
}

@article{smartphones,
author="Zhou, Jia and Zhang, Jie and Xie, Bingjun and Liu, Ning and Jiang, Ming and Wang, Huilin and Gan, Qiqing",
title="First-Time User Experience with Smart Phone New Gesture Control Features",
year="2014",
publisher="Springer International Publishing",
pages="262--271"
}

@article{onlineexamination,
  author={ {Krisnawati} and M. {Hayaty} and B. {Setiaji} and A. {Setyanto}},
  title={First Time User Experience Assessment on Web based Online Examination}, 
  year={2019},
  volume={},
  number={},
  pages={829-834},
  doi={10.1109/ICOIACT46704.2019.8938550}
  }

@MISC{ftue,
  author = {Wikipedia},
  title = {First-time user experience},
  howpublished = {[online]},
  year = {Last visited December 31, 2020},
  note = {Available on: \url{https://en.wikipedia.org/wiki/First-time\_user\_experience}}
}

@MISC{ftue2,
  author = {IxDF Course Instructor},
  title = {First Time Use Experience (FTUE): Start as you mean to go on},
  howpublished = {[online]},
  year = {Last visited December 29, 2020},
  note = {Available on: \url{https://www.interaction-design.org/literature/article/first-time-use-experience-ftue-start-as-you-mean-to-go-on}}
}

@MISC{visualstudio,
  author = {stack overflow},
  title = {Visual Studio - restore code refactoring error in infobar},
  howpublished = {[online]},
  year = {Last visited December 29, 2020},
  note = {Available on: \url{https://stackoverflow.com/questions/51616424/visual-studio-restore-code-refactoring-error-in-infobar}}
}

@MISC{jetbrains,
  author = {jetbrains},
  title = {Things to configure after the first start},
  howpublished = {[online]},
  year = {Last visited December 29, 2020},
  note = {Available on: \url{https://www.jetbrains.com/help/upsource/configuration-wizard.html}}
}

@MISC{lansweeper,
  author = {lansweeper},
  title = {Configuring the First Run Wizard},
  howpublished = {[online]},
  year = {Last visited December 29, 2020},
  note = {Available on: \url{https://www.lansweeper.com/knowledgebase/configuring-the-first-run-wizard/}}
}

@MISC{githubio,
  author = {APIM},
  title = {Human Interface Guidelines},
  howpublished = {[online]},
  year = {Last visited December 29, 2020},
  note = {Available on: \url{ http://wso2.github.io/carbon-apimgt/HIG/}}
}

@MISC{bootstrap,
  author = {TutorialRepublic},
  title = {Bootstrap Alerts},
  howpublished = {[online]},
  year = {Last visited December 29, 2020},
  note = {Available on: \url{https://www.tutorialrepublic.com/twitter-bootstrap-tutorial/bootstrap-alerts.php}}
}

@MISC{pinterest,
  author = {pinterest},
  title = {Android application design},
  howpublished = {[online]},
  year = {Last visited December 29, 2020},
  note = {Available on: \url{https://cz.pinterest.com/pin/516014069790904482/}}
}

@MISC{roadmap,
  author = {2003-2020 GRASS Development Team},
  title = {Prague Roadmap},
  howpublished = {[online]},
  year = {Last visited December 20, 2020},
  note = {Available on: \url{https://trac.osgeo.org/grass/wiki/wxGUIDevelopment/New\_Startup\#PragueRoadmap}}
}

@MISC{gsoc,
  author = {Linda Kladivova},
  title = {GSoC 2020: GRASS GIS startup mechanism},
  howpublished = {[online]},
  year = {Last visited December 30, 2020},
  note = {Available on: \url{https://trac.osgeo.org/grass/wiki/GSoC/2020/StartupWindow}}
}


@MISC{intro,
  author = {2003-2020 GRASS Development Team},
  title = {Proposals for a new GRASS GIS startup mechanism: Introduction},
  howpublished = {[online]},
  year = {Last visited December 30, 2020},
  note = {Available on: \url{https://trac.osgeo.org/grass/wiki/wxGUIDevelopment/New\_Startup\#Introduction}}
}

@MISC{A2,
  author = {2003-2020 GRASS Development Team},
  title = {Proposals for a new GRASS GIS startup mechanism: Proposal A2 (Gcmillar): Quick access through well-designed tabs on the side},
  howpublished = {[online]},
  year = {Last visited December 30, 2020},
  note = {Available on: \url{https://trac.osgeo.org/grass/wiki/wxGUIDevelopment/New\_Startup\#
  ProposalA2Gcmillar:Quickaccessthroughwell-designedtabsontheside}}
}



